@misc{ramesh2022hierarchical,
      title={Hierarchical Text-Conditional Image Generation with CLIP Latents}, 
      author={Aditya Ramesh and Prafulla Dhariwal and Alex Nichol and Casey Chu and Mark Chen},
      year={2022},
      eprint={2204.06125},
      archivePrefix={arXiv},
      primaryClass={cs.CV}
}

@article{Zhou2023A,title={A Comprehensive Survey on Pretrained Foundation Models: A History from BERT to ChatGPT},author={Ce Zhou and Qian Li and Chen Li and Jun Yu and Yixin Liu and Guan Wang and Kaichao Zhang and Cheng Ji and Qi Yan and Lifang He and Hao Peng and Jianxin Li and Jia Wu and Ziwei Liu and P. Xie and Caiming Xiong and Jian Pei and Philip S. Yu and Lichao Sun Michigan State University and B. University and Lehigh University and M. University and Nanyang Technological University and University of California at San Diego and D. University and U. Chicago and Salesforce AI Research},journal={ArXiv},year={2023},volume={abs/2302.09419},doi={10.48550/arXiv.2302.09419}}

@article{DBLP:journals/corr/abs-2103-00020,
  author       = {Alec Radford and
                  Jong Wook Kim and
                  Chris Hallacy and
                  Aditya Ramesh and
                  Gabriel Goh and
                  Sandhini Agarwal and
                  Girish Sastry and
                  Amanda Askell and
                  Pamela Mishkin and
                  Jack Clark and
                  Gretchen Krueger and
                  Ilya Sutskever},
  title        = {Learning Transferable Visual Models From Natural Language Supervision},
  journal      = {CoRR},
  volume       = {abs/2103.00020},
  year         = {2021},
  url          = {https://arxiv.org/abs/2103.00020},
  eprinttype    = {arXiv},
  eprint       = {2103.00020},
  timestamp    = {Thu, 04 Mar 2021 17:00:40 +0100},
  biburl       = {https://dblp.org/rec/journals/corr/abs-2103-00020.bib},
  bibsource    = {dblp computer science bibliography, https://dblp.org}
}

@misc{zhang2023motiongpt,
      title={MotionGPT: Finetuned LLMs are General-Purpose Motion Generators}, 
      author={Yaqi Zhang and Di Huang and Bin Liu and Shixiang Tang and Yan Lu and Lu Chen and Lei Bai and Qi Chu and Nenghai Yu and Wanli Ouyang},
      year={2023},
      eprint={2306.10900},
      archivePrefix={arXiv},
      primaryClass={cs.CV}
}

@misc{firoozi2023foundation,
      title={Foundation Models in Robotics: Applications, Challenges, and the Future}, 
      author={Roya Firoozi and Johnathan Tucker and Stephen Tian and Anirudha Majumdar and Jiankai Sun and Weiyu Liu and Yuke Zhu and Shuran Song and Ashish Kapoor and Karol Hausman and Brian Ichter and Danny Driess and Jiajun Wu and Cewu Lu and Mac Schwager},
      year={2023},
      eprint={2312.07843},
      archivePrefix={arXiv},
      primaryClass={cs.RO}
}

@article{Yu2022CoCa:,title={CoCa: Contrastive Captioners are Image-Text Foundation Models},author={Jiahui Yu and Zirui Wang and Vijay Vasudevan and Legg Yeung and Mojtaba Seyedhosseini and Yonghui Wu},journal={ArXiv},year={2022},volume={abs/2205.01917},doi={10.48550/arXiv.2205.01917}}

@misc{hu2023generalpurpose,
      title={Toward General-Purpose Robots via Foundation Models: A Survey and Meta-Analysis}, 
      author={Yafei Hu and Quanting Xie and Vidhi Jain and Jonathan Francis and Jay Patrikar and Nikhil Keetha and Seungchan Kim and Yaqi Xie and Tianyi Zhang and Shibo Zhao and Yu Quan Chong and Chen Wang and Katia Sycara and Matthew Johnson-Roberson and Dhruv Batra and Xiaolong Wang and Sebastian Scherer and Zsolt Kira and Fei Xia and Yonatan Bisk},
      year={2023},
      eprint={2312.08782},
      archivePrefix={arXiv},
      primaryClass={cs.RO}
}

@article{DBLP:journals/corr/abs-2201-07207,
  author       = {Wenlong Huang and
                  Pieter Abbeel and
                  Deepak Pathak and
                  Igor Mordatch},
  title        = {Language Models as Zero-Shot Planners: Extracting Actionable Knowledge
                  for Embodied Agents},
  journal      = {CoRR},
  volume       = {abs/2201.07207},
  year         = {2022},
  url          = {https://arxiv.org/abs/2201.07207},
  eprinttype    = {arXiv},
  eprint       = {2201.07207},
  timestamp    = {Fri, 21 Jan 2022 13:57:15 +0100},
  biburl       = {https://dblp.org/rec/journals/corr/abs-2201-07207.bib},
  bibsource    = {dblp computer science bibliography, https://dblp.org}
}

@misc{openai2023gpt4,
      title={GPT-4 Technical Report}, 
      author={OpenAI and : and Josh Achiam and Steven Adler and Sandhini Agarwal and Lama Ahmad and Ilge Akkaya and Florencia Leoni Aleman and Diogo Almeida and Janko Altenschmidt and Sam Altman and Shyamal Anadkat and Red Avila and Igor Babuschkin and Suchir Balaji and Valerie Balcom and Paul Baltescu and Haiming Bao and Mo Bavarian and Jeff Belgum and Irwan Bello and Jake Berdine and Gabriel Bernadett-Shapiro and Christopher Berner and Lenny Bogdonoff and Oleg Boiko and Madelaine Boyd and Anna-Luisa Brakman and Greg Brockman and Tim Brooks and Miles Brundage and Kevin Button and Trevor Cai and Rosie Campbell and Andrew Cann and Brittany Carey and Chelsea Carlson and Rory Carmichael and Brooke Chan and Che Chang and Fotis Chantzis and Derek Chen and Sully Chen and Ruby Chen and Jason Chen and Mark Chen and Ben Chess and Chester Cho and Casey Chu and Hyung Won Chung and Dave Cummings and Jeremiah Currier and Yunxing Dai and Cory Decareaux and Thomas Degry and Noah Deutsch and Damien Deville and Arka Dhar and David Dohan and Steve Dowling and Sheila Dunning and Adrien Ecoffet and Atty Eleti and Tyna Eloundou and David Farhi and Liam Fedus and Niko Felix and Simón Posada Fishman and Juston Forte and Isabella Fulford and Leo Gao and Elie Georges and Christian Gibson and Vik Goel and Tarun Gogineni and Gabriel Goh and Rapha Gontijo-Lopes and Jonathan Gordon and Morgan Grafstein and Scott Gray and Ryan Greene and Joshua Gross and Shixiang Shane Gu and Yufei Guo and Chris Hallacy and Jesse Han and Jeff Harris and Yuchen He and Mike Heaton and Johannes Heidecke and Chris Hesse and Alan Hickey and Wade Hickey and Peter Hoeschele and Brandon Houghton and Kenny Hsu and Shengli Hu and Xin Hu and Joost Huizinga and Shantanu Jain and Shawn Jain and Joanne Jang and Angela Jiang and Roger Jiang and Haozhun Jin and Denny Jin and Shino Jomoto and Billie Jonn and Heewoo Jun and Tomer Kaftan and Łukasz Kaiser and Ali Kamali and Ingmar Kanitscheider and Nitish Shirish Keskar and Tabarak Khan and Logan Kilpatrick and Jong Wook Kim and Christina Kim and Yongjik Kim and Hendrik Kirchner and Jamie Kiros and Matt Knight and Daniel Kokotajlo and Łukasz Kondraciuk and Andrew Kondrich and Aris Konstantinidis and Kyle Kosic and Gretchen Krueger and Vishal Kuo and Michael Lampe and Ikai Lan and Teddy Lee and Jan Leike and Jade Leung and Daniel Levy and Chak Ming Li and Rachel Lim and Molly Lin and Stephanie Lin and Mateusz Litwin and Theresa Lopez and Ryan Lowe and Patricia Lue and Anna Makanju and Kim Malfacini and Sam Manning and Todor Markov and Yaniv Markovski and Bianca Martin and Katie Mayer and Andrew Mayne and Bob McGrew and Scott Mayer McKinney and Christine McLeavey and Paul McMillan and Jake McNeil and David Medina and Aalok Mehta and Jacob Menick and Luke Metz and Andrey Mishchenko and Pamela Mishkin and Vinnie Monaco and Evan Morikawa and Daniel Mossing and Tong Mu and Mira Murati and Oleg Murk and David Mély and Ashvin Nair and Reiichiro Nakano and Rajeev Nayak and Arvind Neelakantan and Richard Ngo and Hyeonwoo Noh and Long Ouyang and Cullen O'Keefe and Jakub Pachocki and Alex Paino and Joe Palermo and Ashley Pantuliano and Giambattista Parascandolo and Joel Parish and Emy Parparita and Alex Passos and Mikhail Pavlov and Andrew Peng and Adam Perelman and Filipe de Avila Belbute Peres and Michael Petrov and Henrique Ponde de Oliveira Pinto and Michael and Pokorny and Michelle Pokrass and Vitchyr Pong and Tolly Powell and Alethea Power and Boris Power and Elizabeth Proehl and Raul Puri and Alec Radford and Jack Rae and Aditya Ramesh and Cameron Raymond and Francis Real and Kendra Rimbach and Carl Ross and Bob Rotsted and Henri Roussez and Nick Ryder and Mario Saltarelli and Ted Sanders and Shibani Santurkar and Girish Sastry and Heather Schmidt and David Schnurr and John Schulman and Daniel Selsam and Kyla Sheppard and Toki Sherbakov and Jessica Shieh and Sarah Shoker and Pranav Shyam and Szymon Sidor and Eric Sigler and Maddie Simens and Jordan Sitkin and Katarina Slama and Ian Sohl and Benjamin Sokolowsky and Yang Song and Natalie Staudacher and Felipe Petroski Such and Natalie Summers and Ilya Sutskever and Jie Tang and Nikolas Tezak and Madeleine Thompson and Phil Tillet and Amin Tootoonchian and Elizabeth Tseng and Preston Tuggle and Nick Turley and Jerry Tworek and Juan Felipe Cerón Uribe and Andrea Vallone and Arun Vijayvergiya and Chelsea Voss and Carroll Wainwright and Justin Jay Wang and Alvin Wang and Ben Wang and Jonathan Ward and Jason Wei and CJ Weinmann and Akila Welihinda and Peter Welinder and Jiayi Weng and Lilian Weng and Matt Wiethoff and Dave Willner and Clemens Winter and Samuel Wolrich and Hannah Wong and Lauren Workman and Sherwin Wu and Jeff Wu and Michael Wu and Kai Xiao and Tao Xu and Sarah Yoo and Kevin Yu and Qiming Yuan and Wojciech Zaremba and Rowan Zellers and Chong Zhang and Marvin Zhang and Shengjia Zhao and Tianhao Zheng and Juntang Zhuang and William Zhuk and Barret Zoph},
      year={2023},
      eprint={2303.08774},
      archivePrefix={arXiv},
      primaryClass={cs.CL}
}

@article{DBLP:journals/corr/abs-2005-14165,
  author       = {Tom B. Brown and
                  Benjamin Mann and
                  Nick Ryder and
                  Melanie Subbiah and
                  Jared Kaplan and
                  Prafulla Dhariwal and
                  Arvind Neelakantan and
                  Pranav Shyam and
                  Girish Sastry and
                  Amanda Askell and
                  Sandhini Agarwal and
                  Ariel Herbert{-}Voss and
                  Gretchen Krueger and
                  Tom Henighan and
                  Rewon Child and
                  Aditya Ramesh and
                  Daniel M. Ziegler and
                  Jeffrey Wu and
                  Clemens Winter and
                  Christopher Hesse and
                  Mark Chen and
                  Eric Sigler and
                  Mateusz Litwin and
                  Scott Gray and
                  Benjamin Chess and
                  Jack Clark and
                  Christopher Berner and
                  Sam McCandlish and
                  Alec Radford and
                  Ilya Sutskever and
                  Dario Amodei},
  title        = {Language Models are Few-Shot Learners},
  journal      = {CoRR},
  volume       = {abs/2005.14165},
  year         = {2020},
  url          = {https://arxiv.org/abs/2005.14165},
  eprinttype    = {arXiv},
  eprint       = {2005.14165},
  timestamp    = {Thu, 25 May 2023 10:38:31 +0200},
  biburl       = {https://dblp.org/rec/journals/corr/abs-2005-14165.bib},
  bibsource    = {dblp computer science bibliography, https://dblp.org}
}

@article{DBLP:journals/corr/abs-2108-07258,
  author       = {Rishi Bommasani and
                  Drew A. Hudson and
                  Ehsan Adeli and
                  Russ B. Altman and
                  Simran Arora and
                  Sydney von Arx and
                  Michael S. Bernstein and
                  Jeannette Bohg and
                  Antoine Bosselut and
                  Emma Brunskill and
                  Erik Brynjolfsson and
                  Shyamal Buch and
                  Dallas Card and
                  Rodrigo Castellon and
                  Niladri S. Chatterji and
                  Annie S. Chen and
                  Kathleen Creel and
                  Jared Quincy Davis and
                  Dorottya Demszky and
                  Chris Donahue and
                  Moussa Doumbouya and
                  Esin Durmus and
                  Stefano Ermon and
                  John Etchemendy and
                  Kawin Ethayarajh and
                  Li Fei{-}Fei and
                  Chelsea Finn and
                  Trevor Gale and
                  Lauren Gillespie and
                  Karan Goel and
                  Noah D. Goodman and
                  Shelby Grossman and
                  Neel Guha and
                  Tatsunori Hashimoto and
                  Peter Henderson and
                  John Hewitt and
                  Daniel E. Ho and
                  Jenny Hong and
                  Kyle Hsu and
                  Jing Huang and
                  Thomas Icard and
                  Saahil Jain and
                  Dan Jurafsky and
                  Pratyusha Kalluri and
                  Siddharth Karamcheti and
                  Geoff Keeling and
                  Fereshte Khani and
                  Omar Khattab and
                  Pang Wei Koh and
                  Mark S. Krass and
                  Ranjay Krishna and
                  Rohith Kuditipudi and
                  et al.},
  title        = {On the Opportunities and Risks of Foundation Models},
  journal      = {CoRR},
  volume       = {abs/2108.07258},
  year         = {2021},
  url          = {https://arxiv.org/abs/2108.07258},
  eprinttype    = {arXiv},
  eprint       = {2108.07258},
  timestamp    = {Fri, 17 Feb 2023 09:02:02 +0100},
  biburl       = {https://dblp.org/rec/journals/corr/abs-2108-07258.bib},
  bibsource    = {dblp computer science bibliography, https://dblp.org}
}

